@Book{ungar2002,
	author = 	 {Mario Osvin Pavčević},
	title = 	 {Uvod u teoriju grafova},
	publisher = 	 {Element, Zagreb},
	year = 	 {2006}
}
@Book{ungar2002uvod,
	author = 	 {Lewis, R.M.R.},
	title = 	 {A Guide to Graph Colouring Algorithms and Applications},
	publisher = 	 {Springer International Publishing},
	year = 	 {2016}
}
@Book{unga2002,
	author = 	 {R. J. Wilson},
	title = 	 {Introduction to Graph Theory},
	publisher = 	 {Pearson Education Ltd},
	year = 	 {1999}
}

@manual{oetiket2007lshort,
	author = {Maja Fošner i Tomaž Kramberger},
	title = {Teorija grafova i logistika},
	
	url = {http://e.math.hr/math_e_article/br14/fosner_kramberger}
}
@manual{aa,
	author = {Anka Golemac, Ana Mimica i Tanja Vučičić},
	title = {Od koenigsberških mostova do kineskog poštara},
	year = 	 {2012},
	url = {http://e.math.hr/category/klju-ne-rije-i/teorija-grafova}
}


